@article{Voss2013,
    title={The influence of aerobic fitness on cerebral white matter integrity and cognitive function in older adults},
    author={Voss, Michelle W and Heo, Siobhan and Prakash, Ruchika Shaurya and Erickson, Kirk I and Alves, Heloisa and Chaddock, Laura and Szabo, Amanda N and Mailey, Emily L and Wo{\'j}cicki, Thomas R and White, Susan M and others},
    journal={Human Brain Mapping},
    volume={34},
    number={11},
    pages={2972--2985},
    year={2013},
    publisher={Wiley Online Library}
}

@article{Erickson2011,
    title={Exercise training increases size of hippocampus and improves memory},
    author={Erickson, Kirk I and Voss, Michelle W and Prakash, Ruchika Shaurya and Basak, Chandramallika and Szabo, Amanda and Chaddock, Laura and Kim, Jennifer S and Heo, Siobhan and Alves, Heloisa and White, Susan M and others},
    journal={Proceedings of the National Academy of Sciences},
    volume={108},
    number={7},
    pages={3017--3022},
    year={2011},
    publisher={National Acad Sciences}
}

@article{Colcombe2006,
    title={Aerobic exercise training increases brain volume in aging humans},
    author={Colcombe, Stanley J and Erickson, Kirk I and Scalf, Paige E and Kim, Jenny S and Prakash, Ruchika and McAuley, Edward and Elavsky, Steriani and Marquez, David X and Hu, Liang and Kramer, Arthur F},
    journal={The Journals of Gerontology Series A: Biological Sciences and Medical Sciences},
    volume={61},
    number={11},
    pages={1166--1170},
    year={2006},
    publisher={Oxford University Press}
}

@article{Bullmore2009,
    title={Complex brain networks: graph theoretical analysis of structural and functional systems},
    author={Bullmore, Edward and Sporns, Olaf},
    journal={Nature Reviews Neuroscience},
    volume={10},
    number={3},
    pages={186--198},
    year={2009},
    publisher={Nature Publishing Group}
}

@article{Sporns2013,
    title={Network attributes for segregation and integration in the human brain},
    author={Sporns, Olaf},
    journal={Current Opinion in Neurobiology},
    volume={23},
    number={2},
    pages={162--171},
    year={2013},
    publisher={Elsevier}
}

@article{Voss2010,
    title={Functional connectivity: a source of variance in the association between cardiorespiratory fitness and cognition?},
    author={Voss, Michelle W and Erickson, Kirk I and Prakash, Ruchika Shaurya and Chaddock, Laura and Malkowski, Emily and Alves, Heloisa and Kim, Jennifer S and Morris, Katherine S and White, Susan M and W{\'o}jcicki, Thomas R and others},
    journal={Neuropsychologia},
    volume={48},
    number={5},
    pages={1394--1406},
    year={2010},
    publisher={Elsevier}
}

@article{Rubinov2010,
    title={Complex network measures of brain connectivity: uses and interpretations},
    author={Rubinov, Mikail and Sporns, Olaf},
    journal={NeuroImage},
    volume={52},
    number={3},
    pages={1059--1069},
    year={2010},
    publisher={Elsevier}
}

@article{Achard2006,
    title={Efficiency and cost of economical brain functional networks},
    author={Achard, Sophie and Bullmore, Edward},
    journal={PLoS Computational Biology},
    volume={2},
    number={2},
    pages={e17},
    year={2006},
    publisher={Public Library of Science}
}

@article{Swain2003,
    title={Effects of exercise training on cardiovascular function in postmenopausal women},
    author={Swain, David P and Franklin, Barry A},
    journal={Medicine \& Science in Sports \& Exercise},
    volume={35},
    number={10},
    pages={1685--1691},
    year={2003},
    publisher={Lippincott Williams \& Wilkins}
}
